@online{ROSsafety,
author = {Automationspraxis},
title = {Unsichere Robotersoftware birgt Gefahren},
year = {},
url = {http://www.automationspraxis.de/home/-/article/33568397/39454617/Unsichere-Robotersoftware-birgt-Gefahren/art_co_INSTANCE_0000/maximized/},
note = {Zuletzt besucht: 12-06-2014}
}
@online{ROSconcepts,
author = {Willow-Garage},
title = {ROS Concepts},
year = {},
url = {http://wiki.ros.org/ROS/Concepts},
note = {Zuletzt besucht: 10-06-2014}
}
@online{OpenHandsetAlliance,
author = {OHA},
title = {Industry Leaders Announce Open Platform for Mobile Devices},
year = {},
url = {http://www.openhandsetalliance.com/press_110507.html},
note = {Zuletzt besucht: 10-06-2014}
}
@online{AndroidKernel,
author = {eLinux},
title = {Android Kernel Versions},
url = {http://elinux.org/Android_Kernel_Versions},
note = {Zuletzt besucht: 10-06-2014}
}
@online{AndroidDoku,
author = {Android--Developer},
title = {Android Developer},
year = {},
url = {http://developer.android.com/index.html},
note = {Zuletzt besucht: 10-06-2014}
}
@online{AndroidKernelMod,
author = {eLinux},
title = {Android Kernel Features},
year = {},
url = {http://elinux.org/Android_Kernel_Features},
note = {Zuletzt besucht: 10-06-2014}
}
@online{AndroidIntro,
author = {WikiBooks},
title = {Android Introduction},
year = {},
url = {http://en.wikibooks.org/wiki/Android/Introduction},
note = {Zuletzt besucht: 10-06-2014}
}
@online{AndroidArchitecureDiagram,
author = {Android-Developer},
title = {System Architecture},
year = {},
url = {http://developer.android.com/images/system-architecture.jpg},
note = {Zuletzt besucht: 09-06-2014}
}
@online{AndroidMarketShare,
author = {IDC},
title = {Android Pushes Past 80\% Market Share(...)},
year = {},
url = {http://www.idc.com/getdoc.jsp?containerId=prUS24442013},
note = {Zuletzt besucht: 09-06-2014}
}
@online{AndroidVersionAndScreenShare,
author = {Android-Developer},
title = {Dashboards},
year = {},
url = {http://developer.android.com/about/dashboards/index.html#Platform},
note = {Zuletzt besucht: 09-06-2014}
}
@online{AndroidScreenMapping,
author = {Android-Developer},
title = {Range of screens supported},
year = {},
url = {http://developer.android.com/guide/practices/screens_support.html},
note = {Zuletzt besucht: 09-06-2014},
}
@online{AndroidStudioIO,
author = {Android-Developer},
title = {Android Studio: An IDE built for Android},
year = {},
url = {http://android-developers.blogspot.de/2013/05/android-studio-ide-built-for-android.html},
note = {Zuletzt besucht: 12-06-2014},
}
@online{AndroidEmulator,
author = {Android-Developer},
title = {Using the Emulator},
year = {},
url = {http://developer.android.com/tools/devices/emulator.html},
note = {Zuletzt besucht: 14-06-2014}
}
@online{AndroidLifecycle,
author = {Android-Developer},
title = {Activity Lifecycle},
year = {},
url = {http://developer.android.com/reference/android/app/Activity.html},
note = {Zuletzt besucht: 16-06-2014}
}
@online{ServiceLifecycle,
author = {Android-Developer},
title = {Service Lifecycle},
year = {},
url = {http://developer.android.com/guide/components/services.html},
note = {Zuletzt besucht: 18-06-2014}
}
@online{AndroidFragment,
author = {Android-Developer},
title = {Fragments},
year = {},
url = {http://developer.android.com/guide/components/fragments.html},
note = {Zuletzt besucht: 18-06-2014}
@online{LandIsoName,
author = {Android-Developer},
title = {Fragments},
year = {},
url = {http://www.loc.gov/standards/iso639-2/php/code_list.php},
note = {Zuletzt besucht: 18-06-2014}
}
@online{ROSHydroInstall,
author = {Willow Garage},
title = {ROS Hydro installation instructions},
year = {},
url = {http://wiki.ros.org/ROS/Installation},
note = {Zuletzt besucht: 24-06-2014}
}
@online{AndroidCodeIntent,
author = {Android-Developer},
title = {Intent},
year = {},
url = {http://developer.android.com/reference/android/content/Intent.html},
note = {Zuletzt besucht: 27-06-2014}
}
@online{AndroidBackButtonPressed,
author = {Android-Developer},
title = {Saving Persistent State},
year = {},
url = {http://developer.android.com/reference/android/app/Activity.html#SavingPersistentState},
note = {Zuletzt besucht: 27-06-2014}
}
@online{AndroidLauncher,
author = {Andrew Tarantola},
title = {What Is an App Launcher?},
year = {},
url = {http://gizmodo.com/5920312/what-is-an-app-launcher},
note = {Zuletzt besucht: 27-06-2014}
}
@online{AndroidIntentFilter,
author = {Android-Developer},
title = {Example filters},
year = {},
url = {http://developer.android.com/guide/components/intents-filters.html},
note = {Zuletzt besucht: 27-06-2014}
}
@online{AndroidParentActivity,
author = {Android-Developer},
title = {Specify the Parent Activity},
year = {},
url = {http://developer.android.com/training/implementing-navigation/ancestral.html},
note = {Zuletzt besucht: 27-06-2014}
}
@online{AndroidVersionNumbering,
author = {Android-Developer},
title = {Setting Application Version},
year = {},
url = {http://developer.android.com/tools/publishing/versioning.html},
note = {Zuletzt besucht: 28-06-2014}
}
@online{AndroidSignAPK,
author = {Android-Developer},
title = {Signing Your Applications},
year = {},
url = {http://developer.android.com/tools/publishing/app-signing.html},
note = {Zuletzt besucht: 28-06-2014}
}
@online{ROSmainGoal,
author = {Willow Garage},
title = {Android friendly},
year = {},
url = {http://rosjava.github.io/rosjava_core/latest/overview.html},
note = {Zuletzt besucht: 03-07-2014}
}
@online{ROSclientLibraries,
author = {Willow Garage},
title = {Client Libraries},
year = {},
url = {http://wiki.ros.org/Client%20Libraries},
note = {Zuletzt besucht: 03-07-2014}
}
@online{BugPackagingOptions,
author = {GitHub},
title = {Upgrading packaging options},
year = {},
url = {https://github.com/rosjava/android_core/issues/200},
note = {Zuletzt besucht: 09-07-2014}
}
@online{WiiControllerSmartphone,
author = {engadget},
title = {NintendoWii Remote controller (Wiimote)},
year = {},
url = {http://www.engadget.com/products/nintendo/wii/remote-controller/},
note = {Zuletzt besucht: 09-07-2014}
}
@online{EmulatorRosProblem,
author = {ROS answers},
title = {rosjava on android emulator},
year = {},
url = {http://answers.ros.org/question/30018/rosjava-on-android-emulator/},
note = {Zuletzt besucht: 09-07-2014}
}
@online{KSGleichung,
author = {Android-Developer},
title = {SensorEvent},
year = {},
url = {http://developer.android.com/reference/android/hardware/SensorEvent.html},
note = {Zuletzt besucht: 30-07-2014}
}
@online{Nielsen,
author = {Jacob Nielsen},
title = {How Many Test Users in a Usability Study?},
year = {},
url = {http://www.nngroup.com/articles/how-many-test-users/},
note = {Zuletzt besucht: 08-08-2014}
}